1952 3235
358 183 523 220 MALME,
555 174 669 211 &BER
698 180 897 210 TWEEDIA
928 176 1103 209 HOOKER‘
1127 166 1164 206 Sc
1193 177 1374 205 ARNOTT.
1646 166 1668 205 9

72 284 269 324 trorsum
313 281 485 322 minute
528 280 762 336 papillosa.
824 277 1150 331 Gynostemium
1191 274 1442 325 subsessile,
1474 289 1615 330 usque
1647 277 1669 315 2

72 363 172 390 mm.
204 346 366 399 altum,
398 347 601 389 antheree
633 346 815 388 circiter
847 347 868 386 1
902 359 1000 385 mm.
1031 342 1193 395 longae,
1226 341 1492 382 membranis
1523 341 1669 397 apica-

71 414 191 456 libus
223 413 647 463 suborbicularibus‚
680 413 861 454 circiter
891 412 981 460 O,45
1017 424 1117 450 mm.
1149 408 1312 462 longis,
1335 410 1398 457 O,5
1424 423 1524 449 mm.
1547 407 1668 457 latis,

73 481 198 536 apice
243 480 514 522 rotundatis.
587 478 907 521 Retinaculum
951 490 1161 524 crassum,
1208 475 1263 516 ab
1309 477 1494 516 externa
1538 477 1667 529 parte

71 547 217 588 visum
262 546 527 603 ellipticum,
574 545 750 588 circiter
793 545 858 593 O‚3
906 557 1004 582 mm.
1037 541 1236 596 longum,
1270 555 1410 596 usque
1441 542 1532 591 0,1.=‚
1568 556 1668 581 mm.

71 613 227 663 latum,
274 617 319 655 et
362 614 458 655 basi
502 616 547 655 et
591 611 715 667 apice
761 609 1108 651 obtusissimum.
1170 606 1428 649 Caudiculae
1469 607 1667 648 subhori—

71 680 284 731 zontales,
317 683 387 721 sat
418 682 632 734 angustae,
665 676 845 718 circiter
874 676 966 725 Ο,16
1000 690 1101 716 mm.
1132 674 1292 729 longae,
1320 673 1442 729 apice
1465 673 1670 715 dilatatae

70 747 429 803 incrassataeque.
488 743 684 787 Pollinia
728 744 865 791 recta,
897 741 1101 796 oblonga,
1135 742 1351 791 O‚45—O,5
1387 755 1487 781 mm.
1519 741 1668 795 longa,

70 815 314 864 O‚14-O‚16
361 828 462 854 mm.
508 824 668 860 crassa,
714 813 907 864 utroque
952 808 1075 863 apice
1120 807 1363 849 rotundata
1406 823 1448 848 v,
1481 821 1670 862 superne

69 883 247 922 tantum
294 880 461 920 obtusa.
521 876 645 931 Styli
689 878 881 917 rostrum
919 889 941 915 e
977 874 1074 916 basi
1105 888 1267 924 crassa,
1298 873 1564 915 bulbiformi
1595 875 1668 914 sat

68 949 251 1003 repente
283 946 583 994 attenuatum,
614 941 949 998 cylindraceum
981 957 1021 982 v.
1055 940 1365 988 subfiliforme,
1399 943 1544 989 2—2‚5
1565 955 1666 980 mm.

68 1012 263 1067 longum,
309 1011 431 1066 apice
474 1010 640 1051 leviter
684 1008 883 1050 bifidum.
957 1007 1166 1049 Folliculz'
1210 1007 1481 1056 fusiformes,
1528 1021 1667 1062 usque

69 1082 91 1119 7
123 1092 201 1120 cm.
232 1076 370 1131 longi,
401 1077 534 1131 longe
566 1075 826 1125 acuminati,
860 1074 1107 1130 subglabri.
1152 1073 1353 1129 (Semina
1383 1075 1563 1114 matura
1583 1087 1668 1114 non

67 1145 347 1201 suppetunt.)

177 1266 373 1308 Habitat
401 1266 449 1307 in
480 1271 593 1307 Chile
623 1270 809 1315 centrali,
840 1279 905 1306 ex.
933 1278 999 1319 gr.
1029 1263 1085 1306 ad
1107 1263 1354 1305 Concumen
1377 1278 1501 1319 prov.
1525 1264 1666 1305 Acon-

67 1347 210 1388 cagua
241 1336 285 1374 et
315 1332 456 1388 Elqui
485 1334 536 1387 (s.
567 1331 764 1386 Vicufia)
793 1346 859 1387 pr.
893 1331 1147 1387 Coquimbo.

179 1435 315 1476 Species
355 1434 394 1467 T.
421 1431 692 1477 confertzfloroe
716 1434 790 1465 sine
815 1434 921 1465 dubio
946 1435 1040 1464 arcte
1065 1433 1188 1471 affinis,
1214 1433 1275 1464 abs
1301 1443 1370 1474 qua
1393 1433 1589 1473 praesertim
1614 1443 1668 1473 pe-

66 1481 227 1512 dunculis
264 1480 439 1520 brevibus,
475 1479 677 1511 indumento
713 1478 971 1519 pcdicellorum,
996 1478 1142 1509 floribus
1167 1478 1360 1509 minoribus
1385 1479 1420 1509 et
1444 1479 1557 1509 rostro
1584 1478 1670 1517 styli

65 1525 164 1557 brevi
194 1525 330 1556 recedit.
372 1537 374 1539 >

456 1657 507 1698 T.
538 1655 853 1707 obliquisolia
881 1653 1065 1708 (COLLA)
1095 1653 1277 1695 MALME.

179 1766 388 1801 Gonolobus
413 1765 677 1809 obliquolius
702 1767 826 1800 COLLA
848 1768 885 1798 iu
910 1767 1010 1798 Mem.
1038 1767 1131 1798 della
1154 1778 1179 1798 r.
1205 1767 1412 1798 Accademia
1428 1767 1518 1799 delle
1536 1768 1669 1799 scienzc

64 1813 100 1846 di
125 1813 259 1844 Torino.
309 1813 402 1844 Tom.
428 1812 621 1844 XXXVIII
646 1810 772 1850 (1835),
797 1822 828 1852 p.
855 1810 920 1844 123
945 1813 979 1843 et
1003 1813 1073 1843 tab.
1099 1812 1282 1843 XXXVII.

179 1854 387 1890 Gonolobus
410 1855 608 1899 voquicz'llo
634 1856 756 1889 COLLA
779 1856 863 1888 ibid.
889 1867 920 1898 p.
948 1854 1022 1891 124.
1048 1857 1118 1888 tab.
1146 1856 1347 1887 XXXVIII.

177 1899 426 1945 Ooeypetalum
450 1899 615 1934 saxatile
640 1901 826 1934 DECAISNE
850 1902 888 1932 in
913 1901 982 1933 DC.
1007 1902 1127 1933 Prodr.
1154 1901 1242 1933 VIII
1267 1899 1394 1941 (1844),
1419 1912 1451 1942 p.
1477 1899 1574 1933 588st

175 1998 324 2041 Herba
367 1998 588 2055 perennis,
635 1998 786 2040 rarius
817 2000 1054 2046 suffrutex,
1086 2013 1226 2055 usque
1259 2001 1310 2041 25
1343 2014 1424 2041 cm.
1458 1998 1564 2045 alta,
1597 2013 1666 2040 ra-

64 2065 148 2107 mis
192 2065 469 2108 volubilibus
514 2081 556 2107 v.
603 2066 983 2115 decumbentibus,
1029 2066 1263 2116 teretibus,
1306 2066 1500 2121 primum
1532 2066 1664 2120 pube-

62 2131 190 2183 ruliS,
237 2132 338 2174 dein
373 2132 556 2188 glabris,
589 2132 857 2174 internodiis
889 2133 1030 2188 vulgo
1062 2135 1171 2174 2-4
1202 2148 1281 2174 cm.
1313 2132 1475 2188 longis.
1534 2132 1579 2174 F
1579 2133 1666 2174 olia

63 2201 135 2241 sat
170 2199 380 2249 coriacea,
417 2199 775 2255 longepetiolata
805 2199 992 2256 (petiole
1023 2199 1163 2255 vulgo
1195 2202 1317 2250 5-7,
1348 2200 1497 2241 rarius
1528 2214 1666 2256 usque

65 2267 118 2308 10
161 2281 261 2307 mm.
306 2266 454 2322 longo,
499 2265 676 2321 gracili,
713 2266 872 2320 glabro
904 2282 945 2307 V.
977 2266 1236 2322 paullulum
1266 2266 1499 2322 puberulo,
1532 2280 1668 2322 supra

64 2332 398 2386 canaliculat0);
443 2332 601 2374 infima
644 2333 739 2375 late
774 2332 1085 2388 triangularia
1115 2348 1157 2374 v.
1191 2332 1665 2389 ovato-triangularia,

66 2397 248 2440 circiter
294 2401 344 2441 15
385 2415 486 2441 mm.
518 2400 654 2454 longa
683 2399 880 2457 lataque,
914 2399 1039 2455 apice
1070 2399 1377 2452 obtusissima3
1415 2399 1560 2442 media
1591 2414 1666 2441 an-

65 2468 196 2519 guste
239 2465 547 2520 triangularia
590 2482 632 2508 v.
677 2466 1269 2521 lanceolato-triangularia,
1315 2466 1455 2521 vulgo
1487 2468 1664 2517 15-20,

176 2600 202 2639 ¹)
238 2600 407 2632 Celeberr.
445 2601 486 2633 R.
523 2601 563 2633 A.
600 2602 768 2635 PHILIPPI
791 2602 937 2643 [Anales
962 2603 1003 2634 de
1028 2604 1063 2634 la
1087 2603 1322 2635 Universidad
1347 2602 1388 2634 de
1414 2603 1521 2635 Chile.
1570 2604 1665 2635 Tom.

62 2644 122 2677 XC
148 2643 272 2684 (1895),
298 2656 328 2686 p.
355 2643 435 2686 204]
459 2648 562 2686 negat
590 2644 817 2680 Gonolobum
843 2645 1137 2690 obliquifolimn.
1168 2645 1211 2680 G.
1238 2645 1437 2690 voquicillo
1461 2649 1496 2679 et
1525 2645 1665 2691 0969118-

63 2688 183 2722 talum
206 2688 370 2723 samatile
395 2700 592 2731 synonyma
616 2700 703 2729 esse:
729 2693 943 2731 argumenta,
969 2702 1044 2734 quae
1069 2693 1180 2731 affert,
1203 2694 1320 2724 tamen
1338 2693 1443 2724 nimis
1462 2692 1555 2724 levia
1572 2696 1664 2724 sunt.

62 2734 191 2766 Planta
226 2735 486 2775 asclepiadaeea
521 2736 624 2776 plane
659 2736 696 2767 in
720 2736 852 2768 iconem
877 2747 897 2768 a
922 2737 1044 2770 COLLA
1069 2737 1186 2768 datam
1211 2737 1385 2778 quadrans
1410 2737 1475 2775 (ex.
1500 2747 1550 2777 gr.
1577 2737 1666 2768 lobis

62 2779 200 2811 corollae
225 2779 316 2811 lobis
340 2779 473 2819 calycis
499 2779 671 2820 oppositis
696 2781 830 2819 ornata)
856 2791 1045 2822 numquam
1071 2782 1217 2813 inventa
1241 2783 1295 2813 est
1319 2790 1430 2822 neque
1454 2781 1664 2813 invenietur.

65 2823 170 2856 »Cum
205 2833 312 2863 grano
343 2824 448 2856 salis›
481 2824 593 2864 igitur
617 2824 660 2856 ad
683 2826 842 2865 plantam
867 2825 1152 2858 identificandam
1177 2825 1374 2857 adhibenda
1399 2827 1451 2857 est
1475 2826 1546 2857 haec
1570 2826 1663 2860 icon:

62 2868 224 2908 plurimis
260 2870 295 2900 et
331 2869 470 2910 quidem
505 2868 725 2908 gravissimis
761 2870 957 2901 rationibus
988 2875 1106 2903 tamen
1136 2880 1213 2901 cum
1241 2868 1279 2903 O.
1305 2868 1467 2903 saxatili
1492 2871 1666 2904 convenit.

63 2913 285 2953 quamobrem
310 2913 519 2945 auctoritate
544 2913 772 2945 oculatissimi
794 2913 981 2947 DECAISNE
1013 2915 1122 2955 nisus,
1148 2915 1189 2946 de
1211 2915 1396 2946 identitate
1420 2916 1621 2956 plantarum
1647 2925 1666 2946 a

63 2956 186 2990 COLLA
210 2956 390 2998 descriptae
415 2958 450 2989 et
472 2958 715 2989 Decaisneanae
740 2967 808 2990 non
833 2958 963 2990 dubito.
