1952 3235
235 179 258 216 2
330 216 337 225 ,
588 186 725 215 ARmv
758 179 837 215 Fon
868 186 1070 215 Bo'rANIK.
1132 186 1250 214 BAND
1282 180 1318 215 ⁴2.
1379 187 1434 216 ΝΟ
1467 182 1502 216 5.

233 285 462 335 striatula,
510 287 625 326 sicca
670 284 872 325 striatim
908 284 981 325 vel
1013 284 1069 326 ad
1101 284 1227 326 basin
1258 284 1354 326 fere
1386 285 1665 328 reticulatim
1696 286 1837 329 sulca-

232 353 344 400 tula,
394 354 499 392 1—:2
532 366 610 392 cm.
653 350 763 400 lata,
797 350 956 406 stipite
988 353 1136 400 tenue,
1169 351 1433 399 obscuriore,
1465 351 1577 402 leve,
1609 353 1839 403 striatulo,

236 421 396 459 1-21‘2
428 432 505 459 cm.
539 417 645 459 alto.
694 417 897 458 Textura
926 419 1022 459 tota
1044 417 1487 467 ceraceo-carnosula,
1510 419 1662 474 typice
1684 419 1837 475 globu—

232 485 339 534 losa,
387 498 492 540 pars
523 483 792 539 marginalis
830 485 1041 533 coriacea,
1076 483 1308 535 distincta,
1356 484 1539 534 sterilis,
1599 485 1838 537 fimbriata,

231 551 407 593 cellulis
453 551 716 601 attenuatis,
765 550 1039 598 deliberatis,
1087 550 1374 592 fasciculatis
1411 551 1667 606 composita.
1729 552 1840 594 Asci

231 617 525 673 cylindracei,
548 616 816 673 longissimi,
851 632 1026 659 sursum
1058 617 1307 667 rotundati,
1340 618 1433 659 fere
1465 616 1657 669 sessiles,
1704 621 1839 661 250-—

231 686 311 725 300
340 697 370 726 ><
401 686 564 725 12-ss20
593 701 636 734 μ.
698 683 907 739 Sporidia
938 687 1108 734 octona,
1148 684 1435 735 monosticha,
1469 683 1745 739 ellipsoidea,
1768 689 1837 727 ut-

230 752 390 806 rinque
427 750 706 792 rotundatim
742 751 1010 805 angustiora
1042 752 1111 793 vel
1144 752 1237 793 fere
1268 751 1563 802 acutiuscula,
1611 751 1840 807 endoplas-

230 819 348 859 mate
393 819 538 873 primo
576 817 897 872 irregulariter
927 832 1137 873 grumoso
1169 817 1240 860 vel
1273 817 1525 873 guttulato⁷
1573 817 1764 874 denique
1794 818 1839 859 in

229 884 440 940 partibus
491 886 722 939 quattuor,
769 885 981 926 extremis
1026 884 1273 927 minoribus
1320 884 1632 939 globuloideis,
1679 884 1840 926 mediis

230 951 417 1006 magnis,
449 950 553 1006 plus
575 950 780 992 minusve
802 950 1158 1006 hemisphaericis
1181 951 1339 1002 diviso,
1372 951 1576 1008 hyalina,
1606 953 1768 993 29—35
1798 965 1827 995 ><

231 1020 434 1068 11—1e2‚5
480 1035 523 1069 μ.
584 1017 870 1074 Paraphyses
917 1017 1068 1059 nullae.
1128 1017 1190 1060 J-.
1237 1045 1289 1048 —
1337 1018 1482 1060 Hab.:
1528 1018 1707 1069 Brasfl„
1752 1018 1839 1061 Rio

230 1083 411 1127 Grande
462 1085 516 1126 do
553 1084 648 1136 Sul,
681 1084 760 1126 col.
821 1084 975 1140 Ijuhy,
1022 1084 1079 1125 ad
1109 1099 1255 1127 ramos
1287 1088 1589 1127 mucescentes
1621 1085 1745 1126 humi
1773 1085 1837 1141 ja-

229 1155 379 1194 centes
423 1153 471 1193 in
516 1152 634 1193 silva
679 1152 909 1208 primaeva,
956 1153 1010 1200 4l4
1057 1153 1176 1202 1893,
1222 1153 1303 1193 323
1336 1152 1386 1193 Β.
1420 1178 1471 1181 —
1504 1152 1656 1207 Stipes
1688 1156 1839 1194 stratu

229 1218 443 1260 corticale
495 1220 678 1261 textura
728 1218 965 1273 globulosa
1011 1218 1279 1274 hypothecio
1325 1218 1471 1260 simile
1516 1218 1711 1260 vestitus
1757 1221 1839 1268 est,

229 1289 424 1328 ceterum
469 1288 654 1327 textura
698 1288 919 1341 porrecta,
966 1285 1176 1327 coriacea.
1239 1284 1464 1340 Sporidiis
1497 1284 1840 1326 distinctissima

229 1353 415 1408 species3
455 1352 506 1394 G.
540 1352 868 1405 aparaplcysata
900 1352 1028 1395 SPEG.
1058 1352 1216 1394 affinis.
1272 1352 1491 1392 Ciboriam
1512 1351 1561 1393 in
1582 1351 1839 1393 memoriam

228 1433 441 1461 revocans
472 1422 656 1461 textura
689 1422 838 1462 autem
870 1420 925 1461 ab
957 1418 1258 1462 Helotioideis
1289 1418 1423 1460 valde
1454 1418 1678 1460 abhorret.

888 1606 1185 1650 Lasiobolus.

229 1737 274 1772 L.
307 1737 452 1772 dubius
485 1730 641 1773 STARB.
675 1746 772 1774 nov.
805 1745 869 1787 sp.
929 1731 1030 1786 Fig.
1063 1733 1185 1771 4—7.

340 1819 597 1876 Apothecia
627 1819 854 1875 gregaria,
887 1819 1153 1876 plerumque
1185 1819 1317 1860 (101150
1349 1822 1615 1874 aggregata,
1640 1822 1838 1860 crustam

227 1888 321 1929 fere
358 1887 613 1937 formantia,
646 1886 892 1943 patellaria
923 1887 995 1928 vel
1028 1886 1307 1942 applariatim
1340 1885 1601 1936 convexula,
1633 1885 1839 1940 margine

228 1955 505 2003 indistincto,
539 1953 847 2004 crassiusculo,
881 1953 1143 1995 ochroleuca
1173 1952 1246 1994 vel
1280 1952 1507 1994 ochraceo-
1536 1951 1710 2003 mellea,
1743 1954 1838 1994 tex-

228 2025 334 2063 tura
384 2020 618 2063 laxissime
669 2020 899 2071 intricata,
953 2019 1062 2075 pilis
1109 2019 1290 2075 sparsis,
1338 2019 1541 2075 septatis,
1588 2018 1838 2075 pellucidis,

228 2088 374 2138 flavis,
419 2087 520 2130 basi
565 2087 844 2138 incrassatis,
896 2087 1057 2136 acutis,
1107 2088 1325 2127 125—250
1369 2103 1398 2139 μ
1430 2086 1591 2140 longis,
1625 2085 1682 2127 ad
1714 2085 1840 2126 basin

229 2169 368 2211 usque
414 2154 471 2196 ad
518 2157 567 2196 12
604 2172 632 2208 μ
672 2153 834 2196 crassis
866 2153 1024 2204 obsita,
1058 2154 1193 2213 ¹s2,—1
1226 2168 1327 2195 mm.
1360 2153 1492 2194 diam.
1553 2150 1665 2194 Asci
1696 2151 1839 2208 cylin-

230 2220 392 2272 dracei,
431 2235 608 2263 sursum
645 2219 893 2271 rotundati,
941 2221 1032 2262 fere
1064 2220 1250 2270 sessiles,
1294 2222 1513 2261 210—212
1542 2232 1572 2263 ><
1601 2220 1765 2261 25—30
1794 2236 1838 2272 μ.

231 2287 442 2344 Sporidia
493 2291 663 2338 octona,
711 2290 828 2329 recte
873 2286 948 2330 vel
993 2288 1302 2337 transversim,
1349 2286 1614 2342 plerumque
1660 2284 1839 2341 oblique

230 2354 519 2405 monosticha,
567 2354 842 2410 ellipsoidea,
875 2353 1079 2411 hyalina,
1111 2368 1228 2411 aqua
1258 2368 1343 2395 non
1375 2353 1508 2409 plena
1539 2351 1838 2402 navicularia,

231 2422 394 2463 25—30
429 2434 458 2464 ><
490 2423 691 2472 14—16,5
737 2439 781 2474 μ.
855 2420 1142 2476 Paraphyses
1187 2434 1368 2476 sparsae,
1414 2419 1660 2470 filiformes,
1706 2432 1840 2474 parce

231 2491 435 2543 septatae,
483 2502 671 2543 superne
709 2487 983 2544 ellipsoideae
1019 2488 1091 2529 vel
1121 2488 1215 2529 fere
1246 2486 1531 2542 capitulatim
1561 2485 1837 2535 incrassatae,

231 2556 338 2596 5-8
369 2572 397 2607 μ
431 2569 604 2597 crassae.
637 2581 687 2585 —‹
720 2554 864 2596 Hab.:
911 2553 1182 2610 Argentina,
1210 2553 1258 2595 in
1280 2553 1419 2595 Delta
1440 2553 1640 2594 fluminis
1661 2552 1838 2593 Parana

230 2619 287 2662 ad
332 2621 483 2663 fimum
529 2621 754 2673 bovinum,
806 2622 859 2670 Gla
907 2623 1025 2663 1894.
1070 2648 1124 2651 -
1168 2621 1218 2661 L.
1263 2620 1447 2672 rarz‘pilo
1493 2619 1683 2674 (PHILL.)
1715 2616 1837 2660 SAec.

231 2701 364 2744 quam
382 2688 572 2729 maxime
589 2687 749 2739 affinis,
769 2687 913 2730 colore
931 2690 1083 2730 autem
1100 2686 1430 2743 apotheciorum
1448 2685 1642 2741 pilisque
1659 2684 1840 2726 diversa

230 2754 325 2795 haec
355 2755 522 2810 species
553 2754 747 2796 videtur.
807 2755 837 2797 J
842 2755 919 2797 odo
952 2754 1084 2796 valde
1114 2754 1413 2796 caerulescunt
1445 2752 1546 2793 asci.
