1952 3235
581 170 621 198 K.
655 161 883 206 STARBACK,
916 167 1232 197 ASCOMYCETEN.
1660 156 1710 194 15

109 268 201 310 fere
233 267 512 314 detruncato,
545 267 755 309 distincte
786 266 1072 322 papillulata,
1105 267 1222 307 circa
1253 266 1334 306 500
1364 284 1390 316 μ
1422 263 1554 304 diam.
1600 264 1709 304 Asci.

110 334 316 388 resorpti.
378 333 587 389 Sporidia
621 333 897 389 ellipsoidea,
929 331 1224 387 biguttulata,
1258 332 1405 381 (ἆῤ-9
1434 343 1463 373 ><
1492 331 1642 380 3,5-5
1664 347 1711 381 μ,

110 426 163 430 -
193 400 337 442 Hah:
385 399 565 450 Brasil.,
597 399 684 441 Rio
717 399 899 441 Grande
931 399 984 440 do
1017 397 1109 449 Sul,
1142 398 1220 439 col.
1251 397 1392 453 Ijuhy
1424 396 1480 437 ad
1503 399 1710 437 truncum

109 469 441 522 putrescentem
472 468 517 507 in
550 466 666 507 silva
698 468 924 521 primaeva,
956 466 1028 504 2913
1062 466 1178 513 1893,
1210 464 1293 507 N:o
1326 465 1419 505 307.

108 584 155 618 R.
186 583 393 627 caespitosa
426 576 583 618 STARB.
616 591 713 617 nOV.
746 591 809 631 sp.
870 576 969 630 Fig.
1004 577 1180 617 29451.

220 666 476 708 Perithecia
507 666 767 707 densissime
797 668 842 705 et
863 666 1131 719 caespitosim
1154 667 1416 720 aggregata,
1441 663 1710 704 confluentia

108 732 180 773 vel
212 734 440 788 superiore
471 735 599 787 parte
631 730 785 779 libera,
810 734 1027 771 stromate
1050 730 1245 772 basila-re
1267 733 1436 785 semper
1457 729 1712 785 conjuncta,

109 799 409 855 cylindracea,
463 799 586 852 apice
639 797 943 838 (letruncatim
994 797 1249 847 rotundata,
1286 797 1407 838 fusce
1439 797 1709 845 i'urfuracea,

109 865 268 907 deinde
300 867 434 919 nigra
459 863 620 913 nitida,
644 878 728 903 non
751 863 978 913 ostiolata,
1002 863 1077 905 sed
1100 864 1156 904 ad
1178 865 1394 905 verticem
1417 862 1709 918 operculatim

108 931 225 973 disco
257 932 465 986 absorpto
497 933 668 985 aperta,
702 932 808 970 2—23
842 945 942 970 mm.
975 929 1081 979 alta,
1119 933 1222 971 1-2
1255 946 1354 971 mm.
1389 929 1495 979 lata,
1527 932 1713 971 textura,

108 997 371 1039 densissime
402 997 683 1038 carbonacea.
744 996 886 1038 Ascos
909 1011 995 1038 non
1016 998 1183 1038 inveni.
1236 996 1442 1052 Sporidia
1465 995 1709 1050 oblongata

107 1064 180 1105 vel
232 1063 495 1119 ellipsoidea
539 1062 612 1104 Vel
658 1063 882 1103 interdum
928 1064 1020 1105 fere
1067 1062 1371 1117 sphaerioidea,
1416 1061 1713 1112 navicularia,

107 1130 463 1181 olivaceo-fusca,
510 1129 737 1171 interdum
774 1129 830 1171 ad
861 1131 1006 1184 apices
1037 1129 1285 1184 guttulata,
1319 1132 1454 1171 7-14
1483 1142 1512 1172 ><
1542 1131 1648 1170 6-9
1679 1146 1707 1181 Ιιι

106 1197 179 1239 vel
230 1199 335 1238 6-7
381 1214 409 1250 μ
459 1196 590 1238 diam.
637 1223 690 1226 —
736 1196 882 1237 Han:
929 1196 1106 1246 Brasil„
1154 1196 1303 1237 Matto
1350 1196 1528 1245 Grosso,
1574 1209 1713 1251 prope-

106 1264 285 1319 Coxipo,
332 1264 404 1316 ‘2714
450 1266 568 1305 1894.
616 1289 668 1294 —
714 1262 892 1318 Species
937 1263 1195 1318 peritheciis
1227 1262 1487 1318 grandibus,
1534 1261 1710 1303 ostiolis

106 1330 363 1371 carentibus
395 1330 625 1371 distincta.
675 1329 765 1371 Cfr.
798 1330 1129 1383 Henninysz'nia
1160 1330 1323 1370 MOELL.

106 1448 154 1482 R.
184 1456 477 1491 macrospernm
509 1440 635 1483 SPEG.

220 1530 264 1571 H
273 1531 365 1571 ab:
397 1530 669 1584 Argentina,
702 1530 879 1571 Euenos
909 1530 1057 1580 Aires,
1091 1531 1137 1570 in
1166 1529 1289 1571 delta
1310 1528 1510 1570 fluminis
1531 1529 1714 1571 Parana

107 1597 188 1639 ead
224 1596 519 1653 Cyperaceas,
558 1598 645 1645 ¹Ss'11
681 1599 799 1639 1894.
833 1622 883 1626 —
915 1597 1160 1652 Mycelium
1191 1596 1294 1636 hinc
1324 1596 1427 1637 inde
1459 1595 1710 1637 subiculum

105 1665 421 1705 tenuissimum
453 1667 495 1704 et
526 1663 809 1704 laxissimum
840 1678 954 1718 vage
986 1663 1183 1704 ambiens
1214 1663 1393 1704 format.

106 1781 153 1816 R.
184 1780 497 1824 parag-uayenSiS
530 1774 689 1816 STARB.
721 1789 820 1815 nov.
854 1789 918 1830 sp.
977 1774 1078 1829 Fig.
1112 1775 1287 1815 32—35.

219 1862 481 1905 Subiculum
518 1867 1025 1919 pannoso-crustaceum,
1072 1863 1167 1904 late
1200 1863 1411 1913 ambiens,
1449 1862 1714 1904 densissime

106 1930 333 1972 fasciculis
377 1930 542 1985 rigidis
587 1931 696 1971 setis
740 1931 887 1980 rectis,
936 1932 1058 1971 arcte
1104 1929 1445 1984 conglutinatis,
1479 1929 1560 1970 sub
1591 1929 1713 1971 lente

106 1996 258 2047 fuscis,
305 2011 480 2038 sursum
527 1996 834 2045 dilutioribus,
881 1996 1144 2046 laxioribus,
1191 1996 1489 2053 curvulisque,
1536 1998 1645 2038 3—4
1681 2013 1711 2049 μ

107 2065 269 2105 crassis
314 2065 583 2120 compositis,
629 2065 749 2105 inter
795 2079 838 2105 se
885 2063 1226 2118 (livergentibus
1271 2063 1344 2105 vel
1390 2063 1716 2118 irregulariter

108 2130 319 2180 confusis,
366 2145 506 2186 usque
566 2130 621 2171 ad
669 2133 689 2172 1
738 2146 835 2171 mm.
869 2129 976 2171 altis
1009 2129 1247 2179 obsessum,
1280 2130 1606 2184 nigro-fuscum
1637 2129 1712 2171 vel

106 2196 198 2239 fere
228 2196 644 2251 nigro-violaceum.
693 2196 945 2238 Perithecia
981 2198 1205 2251 gregaria,
1242 2196 1473 2238 interdum
1494 2196 1713 2238 nonnulla

107 2264 320 2313 conferta,
349 2262 492 2318 primo
513 2263 646 2319 bysso
668 2265 887 2310 immersa,
912 2263 1009 2304 basi
1029 2263 1260 2304 fasciculis
1283 2265 1528 2305 coronatim
1551 2265 1711 2313 cincta,

107 2330 410 2379 lenticularia,
440 2329 599 2371 deinde
630 2331 924 2386 erumpentia,
955 2329 1048 2371 late
1079 2331 1242 2380 conica,
1274 2333 1472 2372 tomento
1504 2329 1713 2380 subiculi,

109 2411 285 2439 sursum
330 2398 534 2438 tenuiore
571 2398 755 2445 vestita,
788 2398 1002 2438 verticem
1032 2411 1189 2438 versus
1220 2397 1354 2446 levia,
1386 2411 1518 2452 opace
1549 2396 1710 2447 nitida,

106 2465 252 2518 nigra,
284 2462 509 2519 papillata
538 2463 612 2504 vel
643 2463 984 2505 convexiuscule
1015 2462 1275 2519 applanata,
1308 2463 1537 2519 abruptim
1560 2465 1714 2506 conice

107 2529 344 2586 papillata,
397 2532 502 2572 1-2
548 2545 647 2572 mm.
695 2530 826 2571 diam.
901 2530 1009 2572 Asci
1054 2530 1288 2572 lineariter
1329 2529 1607 2586 cylindracei
1637 2530 1712 2571 vel

107 2597 200 2638 fere
243 2596 492 2647 filiformes,
539 2611 717 2638 sursum
753 2611 1021 2652 magnopere
1057 2599 1310 2647 incrassati,
1343 2596 1546 2638 deorsum
1577 2597 1714 2652 longe

106 2663 382 2719 pedicellati‚
429 2678 534 2719 pars
579 2663 810 2719 sporifera‚
848 2663 1064 2719 pedicello
1101 2663 1238 2719 duplo
1268 2663 1458 2719 longior,
1491 2666 1714 2705 200—225

118 2743 148 2773 ><
177 2732 284 2772 8—9
315 2748 359 2784 μ.
421 2729 632 2786 Sporidia
659 2734 818 2772 octona
840 2730 974 2772 dense
995 2731 1270 2772 imbricatim
1292 2730 1366 2772 vel
1386 2730 1715 2785 irregulariter

108 2797 395 2847 monosticha,
449 2800 640 2852 anguste
684 2796 902 2848 fusoidea,
948 2796 1332 2853 inaequilateralia
1376 2797 1450 2839 vel
1487 2797 1716 2839 lenissime

108 2863 310 2914 curvula,
357 2866 556 2915 acutam,
603 2863 679 2905 sed
724 2864 985 2920 plerumque
1030 2863 1245 2920 utrinque
1290 2864 1595 2906 obtusiuscule
1638 2879 1712 2920 cy-

105 2929 297 2972 lindrice
319 2934 570 2981 attenuata,
593 2930 692 2973 velo
707 2945 880 2973 mucoso
899 2930 954 2971 ad
974 2932 1122 2986 apices
1136 2931 1443 2973 manifestiore
1462 2931 1715 2973 arctissime
